@book{10.5555/1893075,
  author    = {Calcote, John},
  title     = {Autotools: A Practioner's Guide to GNU Autoconf, Automake, and Libtool},
  year      = {2010},
  isbn      = {1593272065},
  publisher = {No Starch Press},
  address   = {USA},
  edition   = {1st},
  abstract  = {The GNU Autotools make it easy for developers to create software that is portable across many UNIX-like operating sy
               stems. Thousands of open source software packages use the Autotools, but the learning curve is unfortunately steep, and it can be di
               fficult for a beginner to find anything more than basic reference material on using the powerful software suite. In Autotools, autho
               r John Calcote begins with an overview of high-level concepts; then tackles more advanced topics, like using the M4 macro processor 
               with Autoconf, extending the Automake framework, and building Java and C# sources. You'll learn how to: Master the Autotools build s
               ystem to maximize your software's portability Generate Autoconf configuration scripts to simplify the compilation process Produce po
               rtable makefiles with Automake Build cross-platform software libraries with Libtool Write your own Autoconf macros Autotools also in
               cludes a variety of complete projects that you're encouraged to work through to gain a real-world sense of how to become an Autotool
               s practitioner. For example, you'll turn the FLAIM and Jupiter projects' hand-coded, makefile-based build systems into a powerful Au
               totools-based build system.}
}
@misc{autobasics,
  title   = {The basics of autotools},
  url     = {https://devmanual.gentoo.org/general-concepts/autotools/index.html},
  journal = {The Basics of Autotools - Gentoo Development Guide},
  author  = {Authors, Gentoo},
  year    = {2022}
}
@article{beamerex,
  author  = {"Andrew Mertz, William Slough"},
  title   = {Beamer by example},
  journal = {TUGboat - Proceedings of the Practical TEX 2005 Conference},
  year    = 2005,
  volume  = {526},
  number  = {1},
  pages   = {68-73}
}